<marc:collection xmlns:marc="http://www.loc.gov/MARC21/slim" xmlns:xsi="http://www.w3.org/2001/XMLSchema-instance" xsi:schemaLocation="http://www.loc.gov/MARC21/slim http://www.loc.gov/standards/marcxml/schema/MARC21slim.xsd">
    <marc:record type="Bibliographic">
        <marc:leader>01664cem a2200337 a 4500</marc:leader>
        <marc:controlfield tag="001">4579646</marc:controlfield>
        <marc:controlfield tag="005">20101019094939.0</marc:controlfield>
        <marc:controlfield tag="007">aj canzn</marc:controlfield>
        <marc:controlfield tag="008">021018s1861    fr dk     a  f  0   fre d</marc:controlfield>
        <marc:datafield tag="035" ind1=" " ind2=" ">
            <marc:subfield code="a">(OCoLC)ocm54319427</marc:subfield>
        </marc:datafield>
        <marc:datafield tag="040" ind1=" " ind2=" ">
            <marc:subfield code="a">CUD</marc:subfield>
            <marc:subfield code="c">CUD</marc:subfield>
            <marc:subfield code="d">OCLCQ</marc:subfield>
            <marc:subfield code="d">NjP</marc:subfield>
        </marc:datafield>
        <marc:datafield tag="034" ind1="1" ind2=" ">
            <marc:subfield code="a">a</marc:subfield>
            <marc:subfield code="b">895000</marc:subfield>
        </marc:datafield>
        <marc:datafield tag="043" ind1=" " ind2=" ">
            <marc:subfield code="a">f-sg---</marc:subfield>
            <marc:subfield code="a">f-gm---</marc:subfield>
        </marc:datafield>
        <marc:datafield tag="100" ind1="1" ind2=" ">
            <marc:subfield code="a">Brossard de Corbigny, Charles-Paul,</marc:subfield>
            <marc:subfield code="d">1822-1900.</marc:subfield>
        </marc:datafield>
        <marc:datafield tag="245" ind1="1" ind2="0">
            <marc:subfield code="a">Carte du Sénégal, de la Falémé et de la Gambie :</marc:subfield>
            <marc:subfield code="b">jusqu'aux limites ou ces rivières ont été explorées : comprenant les détails connus sur les pays qui les avoisinent et les routes suivies par les principaux voyageurs qui les ont parcourus : dressée sous la direction du Colonel du Génie L. Faidherbe ... /</marc:subfield>
            <marc:subfield code="c">par le Bon. Brossard de Corbigny ... ; d'après les documens les plus récents et ses propres observations.</marc:subfield>
        </marc:datafield>
        <marc:datafield tag="255" ind1=" " ind2=" ">
            <marc:subfield code="a">Scale 1:895,000.</marc:subfield>
        </marc:datafield>
        <marc:datafield tag="260" ind1=" " ind2=" ">
            <marc:subfield code="a">[Paris :</marc:subfield>
            <marc:subfield code="b">Département de la marine et des colonies],</marc:subfield>
            <marc:subfield code="c">1861.</marc:subfield>
        </marc:datafield>
        <marc:datafield tag="300" ind1=" " ind2=" ">
            <marc:subfield code="a">1 map ;</marc:subfield>
            <marc:subfield code="c">61 x 89 cm.</marc:subfield>
        </marc:datafield>
        <marc:datafield tag="440" ind1=" " ind2="0">
            <marc:subfield code="a">Cartes et plans de la marine ;</marc:subfield>
            <marc:subfield code="v">1883</marc:subfield>
        </marc:datafield>
        <marc:datafield tag="500" ind1=" " ind2=" ">
            <marc:subfield code="a">Relief shown by hachures and soundings.</marc:subfield>
        </marc:datafield>
        <marc:datafield tag="500" ind1=" " ind2=" ">
            <marc:subfield code="a">"Publiée par ordre de l'Empereur sous le Ministère de S.E.M. le Comte P. de Chasseloup-Laurat, Sécretaire d'Etat au Département de la Marine et des Colonies, 1861."</marc:subfield>
        </marc:datafield>
        <marc:datafield tag="510" ind1="4" ind2=" ">
            <marc:subfield code="a">Tooley</marc:subfield>
            <marc:subfield code="c">vol. 1, p. 195</marc:subfield>
        </marc:datafield>
        <marc:datafield tag="650" ind1=" " ind2="0">
            <marc:subfield code="a">Nautical charts</marc:subfield>
            <marc:subfield code="z">Senegal.</marc:subfield>
        </marc:datafield>
        <marc:datafield tag="650" ind1=" " ind2="0">
            <marc:subfield code="a">Nautical charts</marc:subfield>
            <marc:subfield code="z">Gambia.</marc:subfield>
        </marc:datafield>
        <marc:datafield tag="651" ind1=" " ind2="0">
            <marc:subfield code="a">Senegal</marc:subfield>
            <marc:subfield code="v">Maps.</marc:subfield>
        </marc:datafield>
        <marc:datafield tag="651" ind1=" " ind2="0">
            <marc:subfield code="a">Gambia</marc:subfield>
            <marc:subfield code="v">Maps.</marc:subfield>
        </marc:datafield>
        <marc:datafield tag="655" ind1=" " ind2="7">
            <marc:subfield code="a">Maps</marc:subfield>
            <marc:subfield code="z">Senegal</marc:subfield>
            <marc:subfield code="y">1861.</marc:subfield>
            <marc:subfield code="2">aat</marc:subfield>
        </marc:datafield>
        <marc:datafield tag="655" ind1=" " ind2="7">
            <marc:subfield code="a">Maps</marc:subfield>
            <marc:subfield code="z">Gambia</marc:subfield>
            <marc:subfield code="y">1861.</marc:subfield>
            <marc:subfield code="2">aat</marc:subfield>
        </marc:datafield>
        <marc:datafield tag="856" ind1="4" ind2="1">
            <marc:subfield code="z">See the map</marc:subfield>
            <marc:subfield code="u">http://gisserver.princeton.edu/map/4174</marc:subfield>
        </marc:datafield>
        <marc:datafield tag="904" ind1=" " ind2=" ">
            <marc:subfield code="a">gls</marc:subfield>
            <marc:subfield code="b">g</marc:subfield>
            <marc:subfield code="h">m</marc:subfield>
            <marc:subfield code="c">p</marc:subfield>
            <marc:subfield code="e">20050825</marc:subfield>
        </marc:datafield>
        <marc:datafield tag="902" ind1=" " ind2=" ">
            <marc:subfield code="a">gls</marc:subfield>
            <marc:subfield code="b">o</marc:subfield>
            <marc:subfield code="6">e</marc:subfield>
            <marc:subfield code="7">m</marc:subfield>
            <marc:subfield code="d">v</marc:subfield>
            <marc:subfield code="f">1</marc:subfield>
            <marc:subfield code="e">20051005</marc:subfield>
        </marc:datafield>
    </marc:record>
    <marc:record type="Holdings">
        <marc:leader>00171cx  a22000851  4500</marc:leader>
        <marc:controlfield tag="001">4822022</marc:controlfield>
        <marc:controlfield tag="004">4579646</marc:controlfield>
        <marc:controlfield tag="005">20051216114640.0</marc:controlfield>
        <marc:controlfield tag="008">0508254u    8   1001uu   0901128</marc:controlfield>
        <marc:datafield tag="852" ind1="8" ind2=" ">
            <marc:subfield code="b">map</marc:subfield>
            <marc:subfield code="h">HMC01.258</marc:subfield>
        </marc:datafield>
    </marc:record>
    <marc:record type="Holdings">
        <marc:leader>00182nx  a22000854  4500</marc:leader>
        <marc:controlfield tag="001">7323167</marc:controlfield>
        <marc:controlfield tag="004">4579646</marc:controlfield>
        <marc:controlfield tag="005">20130514101010.0</marc:controlfield>
        <marc:controlfield tag="008">1305144u    8   1001uu   0901128</marc:controlfield>
        <marc:datafield tag="852" ind1="8" ind2=" ">
            <marc:subfield code="b">elf1</marc:subfield>
            <marc:subfield code="h">Electronic Resource</marc:subfield>
        </marc:datafield>
    </marc:record>
</marc:collection>
